@IEEEtranBSTCTL{IEEEexample:BSTcontrol,
  CTLdash_repeated_names = "no"
}

@article{zhang1,
  title={Simple fast algorithms for the editing distance between trees and related problems},
  author={Zhang, Kaizhong and Shasha, Dennis},
  journal={SIAM journal on computing},
  volume={18},
  number={6},
  pages={1245--1262},
  year={1989},
  publisher={SIAM}
}